@misc{a2019,
   author={AKNain},
   title={OCR model for reading Captchas},
   howpublished={https://keras.io/examples/vision/captcha\_ocr/},
   note={Accessed: 2021-11-16}
}
@article{feng2019,
  title={Focal CTC loss for chinese optical character recognition on unbalanced datasets},
  author={Feng, Xinjie and Yao, Hongxun and Zhang, Shengping},
  journal={Complexity},
  volume={2019},
  year={2019},
  publisher={Hindawi}
}
@inproceedings{graves2006,
  title={Connectionist temporal classification: labelling unsegmented sequence data with recurrent neural networks},
  author={Graves, Alex and Fern{\'a}ndez, Santiago and Gomez, Faustino and Schmidhuber, J{\"u}rgen},
  booktitle={Proceedings of the 23rd international conference on Machine learning},
  pages={369--376},
  year={2006}
}
@book{murphy2012,
  title={Machine learning: a probabilistic perspective},
  author={Murphy, Kevin P},
  year={2012},
  publisher={MIT press}
}
